@article{durand2009spatial,
  title={Spatial inference of admixture proportions and secondary contact zones},
  author={Durand, Eric and Jay, Flora and Gaggiotti, Oscar E and Fran{\c{c}}ois, Olivier},
  journal={Molecular Biology and Evolution},
  volume={26},
  number={9},
  pages={1963--1973},
  year={2009},
  publisher={SMBE}
}

@article{frichot2015lea,
  title={LEA: an R package for Landscape and Ecological Association studies},
  author={Frichot, Eric and Fran{\c{c}}ois, Olivier},
  journal={Methods in Ecology and Evolution},
  year={2015},
  publisher={Wiley Online Library}
}

@article{frichot2014fast,
  title={Fast and efficient estimation of individual ancestry coefficients},
  author={Frichot, Eric and Mathieu, Fran{\c{c}}ois and Trouillon, Th{\'e}o and Bouchard, Guillaume and Fran{\c{c}}ois, Olivier},
  journal={Genetics},
  volume={196},
  number={4},
  pages={973--983},
  year={2014},
  publisher={Genetics Soc America}
}